@unpublished{Berendsen2016,
author={J. Berendsen and M. Burger and J.-F. Pietschmann},
title={On a cross-diffusion model for multiple species with nonlocal interaction and size exclusion},
year={2016},
note={http://arxiv.org/abs/1609.05024}
}

@article{Zhang2009,
  title={Numerical simulation for porous medium equation by local discontinuous Galerkin finite element method},
  author={Zhang, Qiang and Wu, Zi-Long},
  journal={Journal of Scientific Computing},
  volume={38},
  number={2},
  pages={127--148},
  year={2009},
  publisher={Springer}
}

@article{Bessemoulin2012,
author = {Marianne Bessemoulin-Chatard and Francis Filbet},
title = {A Finite Volume Scheme for Nonlinear Degenerate Parabolic Equations},
journal = {SIAM Journal on Scientific Computing},
volume = {34},
number = {5},
pages = {B559-B583},
year = {2012},
doi = {10.1137/110853807},
URL = {http://dx.doi.org/10.1137/110853807}
}

@article{Carrillo_Chertock_Huang_2015, 
title={A Finite-Volume Method for Nonlinear Nonlocal Equations with a Gradient Flow Structure}, 
volume={17}, 
DOI={10.4208/cicp.160214.010814a},
number={1}, 
journal={Communications in Computational Physics}, 
publisher={Cambridge University Press}, 
author={Carrillo, Jos√© A. and Chertock, Alina and Huang, Yanghong}, 
year={2015}
}